
@misc{jakarta:tutorial,
    author = {},
    title = {{The Jakarta EE 8 Tutorial}},
    howpublished = {\url{https://eclipse-ee4j.github.io/jakartaee-tutorial/toc.html}},
    month = {},
    year = {},
    note = {(Citováno 01. 4. 2021)}
}

@misc{jakarta:tutorial_diagram,
    author = {},
    title = {{The Jakarta EE 8 -- Distributed Multitiered Applications}},
    howpublished = {\url{https://eclipse-ee4j.github.io/jakartaee-tutorial/overview004.html#BNABJ}},
    month = {},
    year = {},
    note = {(Citováno 01. 4. 2021)}
}

@misc{jakarta,
    author = {},
    title = {{The Jakarta EE 8}},
    howpublished = {\url{https://jakarta.ee/about/}},
    month = {},
    year = {},
    note = {(Citováno 01. 4. 2021)}
}

@misc{nginx,
    title = {{NGINX Reverse Proxy}},
    howpublished = {\url{https://www.nginx.com/resources/glossary/reverse-proxy-server/}},
    month = {},
    year = {},
    note = {(Citováno 01. 4. 2021)}
}

@misc{jakarta:jsf,
    author = {},
    title = {{The Jakarta EE -- JSF}},
    howpublished = {\url{https://jakarta.ee/specifications/faces/3.0/jakarta-faces-3.0.html}},
    month = {},
    year = {},
    note = {(Citováno 19. 4. 2021)}
}

@book{goncalves_2013,
    place={Berkeley, CA}, 
    title={{Beginning Java EE 7}},
    publisher={Apress},
    author={Goncalves, Antonio}, 
    year={2013}
}

 @book{merunka_vojtech_2006,
    place={Praha}, 
    title={{Datové modelování}}, url={https://www.researchgate.net/profile/Vojtech-Merunka-2/publication/47058583_Datove_modelovani/links/570e579408aed4bec6fdd673/Datove-modelovani.pdf},
    publisher={Alfa Publishing},
    author={Merunka Vojtěch},
    year={2006}
} 

 @misc{payara, 
    title={{Payara}},
    howpublished={\url{https://www.payara.fish/}},
    journal={Payara Services Ltd},
    note = {(Citováno 21. 4. 2021)}
} 

 @misc{postgresql,
    howpublished={\url{https://www.postgresql.org/}},
    title={{PostgreSQL}},
    author={Group, PostgreSQL Global Development},
    note = {(Citováno 21. 4. 2021)}
} 

 @misc{docker,
    title={{Docker}},
    howpublished={\url{https://www.docker.com/}},
    note = {(Citováno 21. 4. 2021)}
} 

 @misc{selenium,
    title={{Selenium IDE}}, 
    howpublished={\url{https://www.selenium.dev/selenium-ide/}},
    note = {(Citováno 26. 4. 2021)}
} 

 @misc{pngegg, 
    howpublished={\url{https://www.pngegg.com/en/png-ezgnl}}, 
    title={{PNGEGG}},
    note = {(Citováno 11. 3. 2021)}
} 



 @misc{skolaonline,
    title={{Škola OnLine}}, 
    howpublished={\url{https://www.skolaonline.cz/Aktuality/Články/tabid/436/articleType/ArticleView/articleId/2994/Novy-vzhled-aplikace.aspx}},
    note = {(Citováno 25. 4. 2021)}
} 

 @misc{bakalari,
    title={{Bakaláři}}, 
    howpublished={\url{https://www.bakalari.cz/images/index/wtk.png}},
    note = {(Citováno 26. 4. 2021)}
} 

 @misc{skola_v_pyzamu,
    title={{Škola v pyžamu}}, 
    howpublished={\url{https://www.skolavpyzamu.cz/}},
    note = {(Citováno 28. 4. 2021)}
} 

 @misc{onlinecviceni,
    title={{Online cvičení}}, 
    howpublished={\url{https://www.onlinecviceni.cz/exc/list_sel_topics.php}},
    note = {(Citováno 26. 4. 2021)}
} 

 @misc{umimeto,
    title={{Umíme to}}, 
    howpublished={\url{https://www.umimeto.org/}},
    note = {(Citováno 27. 4. 2021)}
} 

 @misc{google_classroom, 
    title={{Jak pracovat s Google Classroom?}}, howpublished={\url{https://kisk.phil.muni.cz/kiskonline/jak-pracovat-s-google-classroom}}, journal={KISK ONLINE}, 
    author={univerzita, Masarykova},
    note = {(Citováno 27. 4. 2021)}
} 

 @misc{jakarta_websockets,
    title={{Jakarta WebSocket}},
    howpublished={\url{https://projects.eclipse.org/projects/ee4j.websocket}}, 
    journal={projects.eclipse.org},
    author={Darwin, Kasandra}, 
    note = {(Citováno 25. 2. 2021)}
} 

 @misc{websockets, 
    title={{WebSockets}}, 
    howpublished={\url{https://developer.mozilla.org/en-US/docs/Glossary/WebSockets}},
    note = {(Citováno 28. 4. 2021)}
} 